2717 4367
1594 2748 2193 2756 ——--—————--—-

960 1985 980 2009 Q

1023 2531 1092 2608 (Η
1023 2417 1093 2509 55)
1028 2292 1078 2364 Et
1030 1950 1081 2241 altrefoithe
1031 1606 1081 1913 escriveretz

1095 2505 1147 2695 devant
1098 2225 1164 2469 adjectiss
1104 2120 1150 2186 de
1107 2044 1150 2098 et
1101 1726 1151 2027 altrefoithe
1103 1607 1161 1698 du,

1167 2630 1216 2696 de
1183 2434 1219 2584 come
1173 2316 1221 2384 de
1179 2134 1222 2274 ceste
1173 1926 1237 2100 chose,
1174 1791 1225 1869 du
1188 1609 1223 1758 come

1239 2623 1287 2697 du
1241 2494 1290 2580 dit
1248 2230 1305 2472 portour
1252 2140 1292 2193 et
1243 1896 1295 2104 similia.

1349 2564 1402 2621 (fl
1350 2480 1403 2546 56)
1351 2285 1394 2452 Auxint
1352 2202 1394 2266 tel
1321 1942 1394 2182 diffessence
1366 1894 1404 1926 y
1351 1819 1393 1876 ad
1353 1609 1404 1794 [ovesqe

1400 2617 1454 2694 (?)}
1416 2542 1444 2597 en
1416 2397 1445 2523 come
1417 2315 1445 2370 en
1405 2236 1445 2291 de
1408 2093 1445 2208 ceste
1404 1853 1446 2065 assavoir
1402 1764 1455 1842 (ἓ).

1763 2535 1834 2610 (Η
1766 2423 1836 2513 54)
1771 2299 1819 2370 Et
1776 2130 1835 2254 qant
1784 1945 1819 2079 vous
1771 1610 1821 1898 escriverez

1840 2631 1889 2697 de
1839 2513 1890 2602 vel
1842 2384 1891 2475 del
1840 2309 1891 2364 el
1838 2043 1904 2280 singuler
1842 1760 1892 2019 noumbre
1856 1610 1892 1744 vous

1911 2414 1962 2697 escriverez
1914 2282 1963 2375 des
1911 2192 1961 2245 el
1910 1942 1977 2157 platell.
1960 1896 1977 1911 ‚

1973 1558 2071 1563 Ξ

2074 1558 2131 1563 ε

2135 1557 2201 1563 ἰ

209 1296 288 1509 (Johan
209 1165 265 1231 de
200 782 286 1099 Waynflete)
202 420 268 706 scribendo

300 1362 344 1509 curto
291 1160 344 1322 modo
294 858 358 1124 seignour
289 754 345 842 vel
295 600 362 730 sire,
310 414 363 580 quan-

367 1436 416 1507 do
381 1189 417 1381 nomen
366 833 418 1135 immediate
368 415 433 776 subsequitur,

437 1224 487 1507 scribendo
438 1022 487 1185 eciam
455 963 487 993 e
454 784 504 940 supra
455 668 504 767 pro
439 584 504 641 sc
443 417 504 563 seig-

524 1364 558 1507 nour
516 1264 558 1317 et
525 1188 557 1217 e
524 982 574 1141 supra
516 769 558 935 tracta
511 658 558 727 de
513 508 561 623 sire
509 418 576 476 [3³

579 1418 628 1509 vel
579 1264 628 1380 sine
595 1196 628 1226 e
586 984 645 1164 potest
581 787 631 946 scribi
588 693 631 751 ut
580 484 647 648 mons.

686 1302 754 1415 ((ἶο
690 1190 755 1281 79)
692 1016 740 1150 Item
693 885 752 988 del,
697 784 742 848 al
692 658 757 765 (vel
711 557 743 632 au
694 409 743 539 loco

761 1426 826 1507 al)
761 1177 826 1390 quando
764 1036 812 1126 the
763 753 828 988 sequitur
771 644 814 696 et
780 409 815 601 conso-

847 1374 881 1505 nans
833 1098 898 1335 sequitur
835 835 897 1059 signum,
843 734 884 793 ut
836 415 901 706 predictum

908 1406 962 1503 est,
906 1359 952 1383 l
902 1249 953 1325 do
905 1128 952 1222 del
919 992 954 1098 non
905 790 956 955 debet
906 568 955 757 mutari
907 488 955 545 in
923 410 966 468 u,

1010 1298 1080 1416 (00
1012 1156 1082 1276 792)
1016 1004 1066 1101 sed
1020 932 1065 956 l
1017 828 1066 896 de
1021 723 1068 787 al
1020 543 1069 683 bene
1035 410 1084 507 po-

1093 1384 1152 1508 test3
1087 1248 1137 1341 sed
1088 1134 1144 1209 du
1092 887 1137 1087 tantum
1089 588 1151 850 significat
1091 410 1140 547 sicut

1159 1438 1206 1504 de
1160 1347 1206 1399 le
1156 1228 1206 1316 vel
1159 1087 1217 1190 del,
1159 905 1208 1055 verbi
1161 666 1222 867 gracia:
1162 540 1209 613 du
1163 409 1211 500 dit

1235 1278 1292 1517 portour
1244 1148 1294 1246 pro
1230 1042 1277 1108 de
1232 955 1278 1007 le
1232 833 1280 919 dit
1239 557 1295 811 portour.

1325 1209 1341 1227 ,-
1306 725 1330 749 0

1476 1355 1520 1431 ΙἿζΊῚ
1480 1267 1524 1331 Ξζιζξι
1480 1127 1516 1235 Item
1480 729 1530 1095 qlzanda‘scumque
1481 614 1521 700 hoc
1481 411 1532 587 signum

1528 1467 1568 1507 ἒξ
1528 1231 1568 1435 :auritulus
1537 1159 1568 1199 ct
1542 883 1570 1131 »2:s.=1·¹=¹.-is'·11·:i.·ns
1530 599 1571 854 immediate
1532 423 1573 575 subse·

1581 1363 1629 1507 quitur
1593 1287 1617 1327 ut
1597 1207 1617 1255 rm
1581 955 1629 1167 pre-:edm
1594 890 1621 921 n
1581 724 1622 862 debet
1582 425 1635 696 pretermssttf

1641 1467 1669 1507 et
1633 1399 1669 1415 ,ξ
1629 1179 1677 1355 adjungi
1645 1043 1669 1139 curn
1645 987 1669 1007 ε·
1630 822 1672 947 verbi
1632 606 1681 779 gracia:
1646 505 1673 560 en
1634 420 1674 466 le

1684 1329 1721 1512 countee
1688 1148 1731 1302 potest
1681 985 1721 1120 scribi
1682 913 1722 959 el
1686 696 1723 890 countee.

1763 1306 1833 1420 (00
1769 1197 1832 1285 34)
1769 1006 1817 1141 Item
1769 520 1834 959 quandocumque
1772 410 1817 469 el

1842 1445 1889 1511 al
1841 1315 1889 1409 del
1845 1019 1905 1285 ponuntur
1840 930 1888 988 in
1839 643 1902 898 singulari
1839 419 1889 616 debent

1910 1350 1960 1510 scribi
1926 1236 1972 1309 es,
1926 1116 1975 1200 as,
1913 982 1959 1075 des
1911 891 1959 947 in
1910 661 1975 855 plurali

2000 1192 2070 1422 (Gn-80)
2006 1022 2054 1156 Item
2017 888 2071 985 βο
2006 603 2055 848 omnibus
2005 421 2054 576 dictis

2076 1346 2138 1509 signis
2076 1251 2124 1307 in
2076 959 2138 1214 singulari
2076 675 2125 930 debemus
2076 422 2125 653 scribere

2163 1453 2195 1510 es
2162 1354 2194 1419 as
2146 1261 2195 1319 in
2146 1016 2212 1227 plurali.

2222 1350 2240 1372 4

2154 258 2211 316 13
