2717 4367
373 2046 423 2149 No.
375 1935 424 2011 X.

513 2507 582 2584 (Η
517 2398 583 2492 42)
518 2118 568 2323 Auxint
536 1930 576 2060 vous
522 1582 574 1871 escriverez

585 2373 637 2673 altrefoithe
605 2216 657 2336 moy
589 1882 642 2180 altrefoithe
609 1760 642 1845 me
609 1580 646 1732 come

661 2617 707 2675 si
662 2454 708 2576 rien
663 2296 710 2406 soit
662 2072 712 2262 devers
679 1906 729 2027 moy
671 1815 714 1869 et
681 1696 714 1780 me
683 1580 716 1665 re·

733 2318 780 2675 commandetz
749 2247 780 2283 a
748 2133 782 2209 un
736 2005 792 2094 tel,
734 1812 786 1968 issint
752 1712 802 1780 qe
753 1580 802 1675 par

803 2597 848 2676 tot
801 2492 851 2546 le
801 2308 867 2453 pluis
811 2135 868 2262 qaut
820 1938 854 2101 ascun
806 1747 874 1902 datyf
808 1584 858 1716 s’en-

877 2556 936 2675 suyt
871 2222 923 2491 l'acusatif
875 2084 925 2152 de
879 1910 926 2021 moi
885 1765 944 1854 toy
894 1584 946 1696 soy,

941 2609 991 2679 ils
950 2363 993 2570 serront
951 2154 995 2328 tornez
961 2044 995 2112 en
963 1925 996 2008 me
955 1837 998 1888 te
965 1730 1001 1804 se.

1053 2399 1121 2589 (1143]
1060 2291 1105 2359 Et
1060 2043 1109 2251 saclwctz
1075 1936 1124 2005 qe
1061 1847 1112 1901 le
1063 1584 1114 1822 nomina·

1125 2595 1190 2680 tyf
1130 2578 1132 2580 ’
1137 2499 1176 2553 et
1129 2171 1195 2450 Pacusatyf
1133 2050 1179 2118 de
1147 1891 1195 1993 ego
1137 1726 1194 1846 mei,
1150 1584 1184 1665 se-

1196 2508 1246 2680 cunde
1204 2418 1247 2471 et
1200 2221 1250 2381 tercie
1216 1951 1266 2181 persone
1203 1862 1253 1912 el
1204 1583 1268 1821 singuler

1275 2474 1317 2681 serront
1271 2198 1337 2418 escriptz
1289 2056 1321 2139 me
1280 1968 1323 2019 te
1291 1861 1334 1936 se,
1276 1760 1326 1808 si
1277 1587 1328 1706 null

1337 2608 1388 2685 tel
1339 2418 1403 2569 signe
1342 2093 1394 2379 destourbe

1496 2529 1531 2678 come
1484 2304 1533 2494 devers
1500 2138 1551 2261 moy
1488 1890 1538 2093 devant
1485 1745 1555 1857 [toy
1487 1682 1558 1733 ‘?]
1498 1587 1540 1640 et

1547 2552 1618 2679 [alie
1550 2490 1619 2539 ‘?]
1555 2041 1620 2451 preposicioneS.

1646 2381 1716 2596 (11432)
1652 2274 1701 2345 Et
1659 2119 1702 2239 touz
1654 1999 1703 2082 lez
1654 1802 1703 1960 altres
1655 1592 1706 1763 oblics

1718 2440 1785 2686 fyneront
1737 2340 1772 2407 en
1738 2268 1788 2314 y
1738 2085 1774 2231 come
1741 1928 1793 2048 moy
1732 1802 1791 1890 toy
1741 1654 1792 1767 soy.

2006 2522 2075 2599 (Η
2008 2408 2077 2504 44)
2012 2301 2061 2373 Et
2011 1961 2063 2267 altrefoithe
2030 1796 2064 1925 vous
2015 1596 2065 1765 dirrez

2096 2569 2146 2690 moy
2097 2452 2131 2522 ou
2085 2298 2147 2395 luy
2089 2192 2131 2245 et
2082 1842 2135 2146 altrefoithe
2086 1706 2150 1805 jeo
2102 1596 2137 1669 ou

2154 2612 2201 2689 cil
2168 2427 2203 2575 come
2156 2310 2203 2388 cil
2161 2224 2203 2278 et
2170 2054 2220 2190 moy,
2154 1928 2219 2027 jeo
2163 1834 2206 1890 et
2160 1688 2225 1802 luy.

2271 2532 2340 2603 (fl
2273 2391 2344 2511 442)
2276 2205 2329 2355 Dont
2278 1978 2331 2168 sachez
2295 1885 2351 1953 qe
2297 1734 2337 1867 vous
2298 1596 2351 1709 gar·

2347 2538 2400 2692 deres
2358 2370 2404 2511 ceste
2353 2200 2405 2347 reule
2369 2099 2406 2167 en
2354 1968 2407 2063 tiel
2374 1712 2423 1947 manere3
2360 1596 2429 1695 jeo

2427 2637 2471 2690 et
2426 2503 2472 2579 cil
2441 2362 2490 2459 pur
2428 2256 2478 2310 le
2430 1924 2481 2210 nominatis
2440 1838 2483 1891 et
2451 1683 2501 1804 moy
2442 1593 2486 1648 et

1058 1275 1126 1395 (CO
1061 1164 1130 1257 58)
1064 1000 1116 1134 Item

1133 1430 1182 1486 in
1135 1091 1184 1391 accusativo
1151 928 1184 1054 casu
1136 631 1200 885 singulari
1141 393 1191 587 scribe-

1211 1399 1253 1484 tur
1222 1276 1264 1372 me‚
1206 1191 1254 1247 in
1206 941 1272 1163 reliquis
1208 690 1270 914 casibus
1227 541 1276 671 moy.

1271 1288 1338 1395 (00
1276 1177 1342 1263 59)
1278 1022 1327 1156 Item
1279 573 1348 1011 quandocumque
1297 393 1332 540 accu-

1346 1292 1397 1485 sativus
1364 1082 1397 1234 casus
1349 810 1415 1029 ponitur
1368 627 1403 746 cum
1354 396 1417 567 signe,

1424 1362 1467 1485 tunc
1416 1140 1469 1305 debet
1421 927 1470 1089 scribi
1437 752 1488 875 moy
1430 647 1474 707 ut
1428 546 1475 603 si
1429 395 1477 516 rien

1488 1255 1557 1490 (thinge)
1494 1106 1541 1217 soit
1493 884 1542 1074 devers
1509 714 1561 848 moy.

1652 1283 1722 1397 (CO
1654 1169 1723 1259 62)
1658 1000 1707 1133 Item
1665 778 1709 960 omnes
1661 542 1729 752 obliqui
1664 397 1715 518 illo-

1744 1378 1778 1492 rum
1728 1135 1778 1336 debent
1730 935 1779 1097 scribi
1733 800 1797 897 luy
1749 646 1798 766 moy
1743 516 1801 605 toy
1753 400 1803 493 soy

1806 1268 1865 1491 excepto
1800 931 1850 1230 accusativo
1804 590 1869 904 prescripto.

1890 1331 1942 1411 (00
1890 1244 1943 1314 60)
1892 867 1934 1214 Itemscribetis
1894 787 1934 830 in
1897 590 1946 751 plurali
1899 518 1941 561 in
1915 401 1943 489 om-

1940 1364 1982 1496 nibus
1942 1158 1983 1337 casibus
1957 1038 1984 1131 mes
1948 946 1985 1013 tes
1946 854 1986 921 les
1953 740 1988 828 etc.

2282 1289 2358 1406 (00
2288 1174 2359 1265 61)
2291 996 2346 1134 Item
2293 743 2365 956 quando
2294 610 2349 707 illa
2313 402 2369 590 prono-

2364 1356 2417 1498 mina
2382 1168 2421 1321 casus
2370 820 2423 1130 nominativi
2372 725 2439 795 je
2375 602 2425 681 cil
2374 402 2442 576 profe-

2446 1314 2491 1498 runtur
2442 1047 2502 1278 insimul,
2444 873 2494 1007 illud
2447 518 2509 851 subsequens
2461 402 2510 497 po-

536 221 602 259 20
