2717 4367
2265 3958 2327 4101 XI·

2418 3688 2493 3786 (Η
2422 3554 2492 3661 26)
2423 3389 2481 3474 Et
2425 2986 2501 3335 altrefoithe
2430 2571 2492 2931 escriveretz
2457 2489 2495 2517 c
2439 2338 2497 2451 wel
2460 2254 2516 2289 q
2442 2101 2501 2207 ind

355 2276 405 2379 No*
356 1945 404 2231 X—XIII.

511 2566 572 2682 ipse
522 2450 555 2515 en
508 2234 571 2404 Latyn
511 1976 554 2185 serrout
505 1719 571 1916 escript
520 1591 552 1657 en

581 2377 643 2681 Fraunceys
579 2255 627 2332 cil
592 2126 641 2221 par
592 2063 625 2091 c

829 2513 898 2593 (Η
830 2398 897 2489 21)
833 2240 882 2360 Mes
849 2050 896 2203 suus,
849 1923 891 1995 -a‚
848 1770 879 1881 -um
845 1588 880 1732 serra

904 2482 969 2679 escript
919 2350 953 2448 son
909 2258 953 2312 et
920 2160 954 2222 sa
919 2024 969 2121 par
919 1944 954 1987 s.

1316 2517 1381 2591 (Η
1319 2404 1385 2491 23)
1321 2276 1370 2348 Et
1318 2008 1369 2229 aillours
1334 1831 1369 1960 vous
1334 1589 1384 1774 putres

1392 2482 1441 2675 escrire
1394 2359 1441 2436 cil
1407 2260 1442 2329 ou
1394 2163 1441 2211 il
1391 2063 1441 2132 de
1396 1855 1440 2028 vostre
1385 1589 1441 1819 vorante.

1699 2398 1769 2585 (1124)
1704 2205 1752 2342 Item
1701 1856 1751 2155 altrefoithe
1718 1781 1752 1809 c
1709 1584 1769 1739 prent

1790 2646 1822 2677 a
1772 2522 1839 2613 luy
1789 2459 1823 2488 s
1780 2365 1823 2420 et
1788 2266 1823 2331 ne
1788 2120 1822 2231 serr
1788 1894 1838 2117 aspas
1788 1755 1823 1889 onee
1790 1645 1839 1709 qe
1790 1584 1823 1613 c

1859 2530 1893 2677 come
1842 2312 1913 2491 [J’Jay
1856 2091 1894 2279 resceu
1859 1927 1893 2069 serra
1858 1731 1894 1893 sonee
1844 1676 1909 1718 j
1845 1583 1912 1673 ’ay

1913 2429 1981 2677 re(s)ceu.

2023 2542 2075 2600 (Π
2024 2455 2079 2525 25)
2024 2367 2066 2427 Et
2023 2161 2065 2342 altrefoi
2023 2082 2065 2157 the
2022 1888 2076 2050 simple
2038 1831 2067 1856 s
2038 1680 2067 1805 serra
2039 1584 2068 1656 so-

2088 2591 2116 2677 nee
2075 2384 2118 2553 double
2088 2306 2117 2353 ss
2088 2158 2117 2272 esen
2073 2104 2126 2169 ‘pt
2088 1942 2117 2069 come
2077 1765 2134 1928 puisse
2077 1582 2129 1741 fuisse

2140 2533 2169 2675 eusse.

506 1373 569 1490 ipse
506 1213 552 1316 iste
503 1062 551 1151 hic
508 908 551 1013 etc.
499 636 550 835 debent
499 398 550 584 -scribi

588 1371 623 1490 cum
590 1291 623 1320 c
589 1090 622 1238 come
575 930 622 1041 cele
580 753 622 894 ceste
571 487 637 718 (ko'mme
571 398 621 455 in

643 1219 708 1490 singulari,
651 1137 693 1190 et
647 952 694 1114 celles
646 681 694 917 hommes
648 598 693 651 et
650 397 693 562 cestes

715 1431 766 1491 in
715 1166 782 1397 plurali).

824 1283 895 1400 (00
826 1168 894 1262 69)
829 997 891 1156 Jtem
843 807 893 961 suus,
845 686 887 760 ·a‚
842 520 880 649 eum
826 394 876 483 de-

900 1394 950 1489 bet
900 1199 949 1361 scribi
915 1051 949 1171 cum
915 998 948 1027 s
906 915 947 975 ut
914 782 948 880 son
906 701 948 754 et
912 619 948 683 sa
897 394 964 599 (singu-

970 1383 1020 1488 lari
979 1294 1022 1348 et
987 1172 1020 1257 sez
971 1080 1019 1138 in
969 853 1036 1046 plurali
970 705 1020 818 sine
971 610 1032 673 c).

1079 1284 1150 1397 (00
1081 1170 1150 1261 70)
1084 996 1132 1134 Item
1083 800 1132 961 verba
1083 610 1133 777 latina
1083 393 1148 586 scripta

1156 1393 1222 1500 per
1171 1328 1205 1357 c
1162 1238 1205 1295 ut
1157 1061 1204 1202 citra
1169 896 1204 1007 non
1156 498 1204 841 mutabuntur
1154 391 1203 447 in

1228 1228 1292 1485 scriptura
1226 1001 1289 1191 gallica
1232 908 1275 967 ut
1228 805 1275 870 de
1243 682 1276 774 cea
1229 584 1275 642 la
1241 394 1276 560 mear.

1318 1283 1390 1397 (00
1330 1168 1389 1260 71)
1323 987 1374 1123 Item
1325 891 1374 937 si
1325 767 1372 846 αἱ
1321 482 1372 738 scribatur
1326 391 1371 444 et

1398 1432 1445 1487 si
1394 1128 1461 1401 precedat,
1411 1052 1445 1081 c
1395 939 1444 1007 de
1397 822 1445 899 cil
1393 626 1439 789 debet
1399 394 1472 593 preter-

1467 1350 1517 1487 mitti
1472 1258 1515 1312 et
1482 1195 1515 1223 s
1467 1088 1515 1157 de
1469 998 1515 1055 si
1466 807 1515 966 debet
1452 547 1529 763 adjungi
1480 395 1513 511 cum

1541 1434 1587 1482 il
1544 1319 1588 1401 ut:
1553 1231 1586 1280 st
1539 1114 1586 1192 αἱ
1537 917 1587 1081 debet
1536 718 1586 881 scribi
1538 602 1586 682 stl
1540 528 1584 581 et
1542 392 1584 504 tan-

1616 1376 1659 1487 tum
1601 1079 1671 1338 significat
1624 875 1657 1038 unum
1607 695 1656 828 sicut
1613 592 1657 646 et
1604 390 1655 555 aliud.

1700 1285 1767 1395 (00
1701 1174 1771 1261 72)
1705 982 1754 1118 Item
1703 639 1769 927 aliquando
1718 562 1752 591 c
1702 388 1767 529 capit

1776 1415 1826 1483 ad
1792 1320 1826 1375 se
1792 1238 1834 1283 S,
1775 1105 1825 1201 sed
1776 990 1826 1069 ibi
1792 928 1825 957 s
1791 782 1825 890 non
1775 582 1824 745 debet
1772 387 1823 562 sonari

1855 1400 1899 1483 ut:
1862 1170 1897 1358 resceu
1848 972 1896 1135 debet
1846 760 1896 936 sonari
1860 548 1895 725 receu.

2258 3700 2341 3787 (Τ
2260 3568 2343 3666 15)
2259 3345 2323 3524 Item
2259 3171 2321 3303 hec
2256 2906 2321 3126 diccio
2225 2638 2343 2862 quaer,
2251 2396 2322 2595 cuoz‘r
2263 2122 2348 2360 potest
2254 1870 2329 2080 scribi
2255 1352 2338 1830 indifferenter
2288 1152 2341 1306 cum
2288 1073 2340 1107 e
2265 915 2344 1031 vel
2291 818 2344 872 ο.
2306 444 2329 464 ·

2444 1792 2506 2095 ifferenter
2468 1573 2510 1749 come
2474 1400 2513 1536 cuer
2476 1277 2515 1356 ou
2476 1082 2531 1232 qoer.
