2717 4367
917 3985 948 4064 X

915 3747 957 3832 (T
918 3615 956 3714 14)
916 3387 949 3563 Item
915 3182 948 3327 moi

957 3800 1000 3937 foi
957 3594 990 3741 Roz·
963 3464 991 3535 et
959 3158 991 3407 similia
964 2821 1001 3116 possunt

999 3705 1032 3914 scribi
1010 3514 1043 3646 per
1010 3417 1032 3453 ο
1001 3246 1033 3361 vel
1011 3064 1042 3193 per
1010 2975 1032 3011 e
1001 2827 1033 2921 in-

1041 3514 1075 3914 differenter
1052 3341 1084 3471 per
1042 2826 1075 3298 diversitatem

1082 3843 1116 3936 'et
1094 3610 1116 3810 usum
1084 3332 1126 3568 lingue
1083 2908 1117 3288 Gallicane-

919 3027 948 3093 to
916 2989 948 3023 τ’
917 2817 949 2928 soi

130 2538 170 2635 (Η
140 2485 161 2507 1
130 2407 169 2465 1)
132 2206 162 2363 Item
137 1983 171 2187 quant,
135 1751 171 1959 grant,
132 1627 160 1719 de—

175 2422 207 2719 mandant,
175 2139 209 2399 sachant,
178 1982 204 2113 tant
179 1901 205 1963 et
179 1730 205 1891 totes
174 1628 203 1717 les

216 2408 254 2718 participls
221 2108 246 2349 serront
217 1787 255 2047 escriptz
225 1628 246 1742 ove

268 2678 287 2717 n
267 2490 287 2633 sans
261 2402 288 2459 τί.
258 2221 288 2357 Mes
268 2106 287 2187 en
258 1899 288 2083 lisant
259 1839 288 1880 il
267 1627 288 1807 avera

300 2658 329 2717 le
301 2285 328 2366 de
310 2163 330 2219 u-
298 1992 337 2076 (II
300 1844 338 1944 12)
301 1627 330 1785 Item

343 2584 371 2715 tielz
341 2202 380 2517 participls
339 1821 381 2144 joyn[t]es
352 1729 380 1768 a
343 1629 371 1688 la

383 2476 413 2717 femelle
383 2130 421 2413 fyneront
392 1988 412 2068 en
393 1916 413 1945 e
385 1817 413 1875 el
384 1630 414 1753 sin—

426 2545 463 2717 guler
429 2418 454 2481 et
434 2273 454 2354 en
426 2176 454 2231 le
426 1910 454 2115 madle
435 1717 456 1864 sanz
436 1632 456 1674 e.

465 2634 507 2716 (Η
465 2502 505 2603 13)
467 2318 496 2480 Item
471 2108 505 2302 grant
472 1895 505 2089 quant
468 1825 496 1868 j}
477 1630 497 1796 serra

509 2547 547 2724 J'oynt
517 2466 537 2508 a
510 2364 538 2425 la
509 2087 545 2325 semele,
510 1984 538 2044 la
512 1914 538 1941 t
513 1631 540 1876 temera

560 2637 580 2719 en
551 2549 579 2594 d
559 2336 580 2511 come
552 2059 590 2295 grande
551 1892 589 2029 pite-

759 2553 794 2631 (Η
759 2440 794 2528 14)
761 2334 785 2407 Et
760 2112 785 2299 sachez
768 2011 793 2075 qe
768 1824 792 1975 apres
769 1743 792 1792 g
769 1628 786 1696 ne

804 2683 829 2717 q
804 2608 821 2648 u
804 2503 821 2572 ne
804 2319 821 2461 serra
803 2203 829 2298 pas
804 2044 820 2176 sone
803 1869 821 2018 come
800 1631 829 1842 quatre,

839 2509 863 2725 guerre
831 2320 857 2476 lirrez
835 2109 864 2281 qatzre,
839 1918 863 2074 gere-

918 2549 958 2632 (H
928 2455 957 2530 41
920 2417 957 2441 )
918 2209 950 2389 Item
918 2027 958 2187 (hee
918 1630 957 2005 dicciones)

970 2573 1000 2716 moy
961 2424 1002 2531 toy
970 2279 1002 2393 509'
960 2108 1001 2256 Ray
961 1832 1002 2065 scriby
971 1629 1002 1791 pos-

1007 2556 1034 2716 sunt
1011 2390 1042 2520 per
1012 2305 1032 2343 0
1003 2147 1034 2264 vel
1012 1982 1043 2110 per
1012 1909 1034 1946 e
1012 1627 1034 1864 secun—

1045 2552 1075 2716 dum
1043 1965 1076 2443 diversitatem
1044 1628 1085 1865 lingue

1084 2269 1127 2713 [Gallicane]‚
1095 2098 1127 2226 per
1085 2022 1117 2058 ι’
1087 1875 1118 1991 vel
1096 1776 1129 1848 y-

128 1307 169 1438 (CO
130 1176 170 1286 36)
132 975 161 1132 Item
131 815 161 935 iste
131 574 161 786 sillabe
140 432 160 544 seu

174 1206 203 1522 diceiones
177 958 211 1161 quant,
177 713 211 922 grant,
175 432 203 665 deman—

216 1362 249 1520 dant,
216 1074 245 1321 sac-hant
219 976 244 1039 et
215 584 245 935 huiusmodi
216 431 244 542 de-

258 1372 286 1522 bent
258 1155 287 1331 scribi
266 970 287 1111 cum
257 684 295 940 simplici
267 594 286 635 n
258 434 287 563 sine

309 1466 329 1522 u-
300 1291 328 1418 Sed
300 1186 328 1248 in
299 643 337 1161 pronunciacione
300 431 328 620 debet

351 1484 369 1523 u
341 1166 379 1437 proferri-
337 993 378 1075 (0
348 889 378 966 52
337 790 372 840 C
340 658 380 764 53)
342 432 371 590 Item

384 1271 420 1523 quando
384 1107 412 1227 ista
383 866 413 1067 diccio
387 631 420 827 grant
384 431 422 613 signi-

425 1379 454 1526 ficat
425 848 463 1339 magnitudinem
429 747 454 810 et
426 432 464 716 adjungi—

470 1426 496 1526 tur
476 1259 496 1398 cum
467 938 496 1229 feminino
475 686 505 914 genere
468 553 496 640 ita
472 432 496 498 ut

519 1496 537 1523 e
505 1373 538 1453 sfft
517 1049 546 1333 sequens,
511 977 537 1004 t
509 603 538 940 mutabitur
509 499 537 563 in
510 423 537 467 d

554 1459 579 1527 ut
561 1432 581 1446 ε
550 1140 580 1386 Grande
550 942 585 1124 dame,
551 684 588 923 grande
551 434 588 667 charge-

755 1317 790 1434 (00
756 1203 790 1292 54)
758 1035 782 1165 Item
760 875 790 999 post
757 692 789 847 gvel
767 628 791 663 q
766 431 791 608 quarn-

793 1437 819 1521 vis
801 1345 817 1383 u
793 1042 818 1301 scribatur
801 878 818 988 non
793 661 818 821 debet
794 432 818 607 sonari

831 1464 853 1524 ut
832 1194 862 1408 quatre,
835 919 860 1133 guerre
829 651 854 848 debent
829 430 854 600 sonari

868 1353 897 1525 qatre,
872 1165 896 1321 gere-

919 1303 960 1443 (CO
921 1169 959 1273 26)
920 941 952 1119 Item

971 1378 1003 1525 may
963 1206 1003 1315 toy
972 1041 1004 1155 509'
966 703 1003 996 possunt

1013 1396 1044 1525 per
1013 1302 1034 1339 e
1004 1130 1036 1245 vel
1014 1031 1042 1087 ο,

961 429 994 639 scribi

1097 1395 1128 1524 per
1085 1314 1118 1351 i
1087 1159 1119 1273 vel
1097 1077 1129 1131 y
1087 494 1128 1035 (indifferenter).
