2717 4367
828 3955 859 4057 VI

826 3721 865 3804 (Τ
828 3628 867 3699 8)
827 3403 859 3582 Item
827 2797 868 3349 quandocunque

869 3816 901 3885 di
868 3710 901 3837 1icc
879 3665 900 3709 ο
869 3285 910 3621 incipiens
879 3136 910 3265 per
869 2799 900 3116 vocalem

910 3575 952 3883 seqtiitux
911 3234 942 3513 immedi
916 3116 942 3231 ate
910 2975 941 3045 (11
910 2870 942 2997 1icc
920 2796 942 2869 o-

962 3723 984 3884 nem
953 3613 984 3681 in
953 3340 984 3571 vocali
952 2797 988 3299 terminantem,

995 3766 1026 3883 ille
994 3585 1026 3720 due
994 3258 1026 3544 vocales
1004 3096 1035 3229 pro
1003 2927 1025 3067 ima
1003 2846 1026 2906 51
994 2795 1025 2870 1-1

1036 3718 1068 3892 {aba
1040 3169 1085 3675 computentur,
1035 2947 1067 3112 dum
1040 2794 1067 2896 ta—

1088 3719 1110 3879 men
1078 3394 1111 3700 debeant
1076 2955 1119 3369 conjunctim
1077 2791 1109 2938 51116

121 2656 157 2703 s]
131 2551 149 2617 en
121 2403 148 2516 lieu
121 2296 147 2365 de
130 2234 147 2272 n
120 2007 157 2203 [come]
126 1730 156 1979 espernez
129 1612 155 1711 pur
130 1483 146 1511 s
121 1379 146 1435 in
118 1201 147 1321 loeo
130 1115 147 1151 n
122 1009 148 1069 ut
123 706 156 957 espernez
127 555 156 652 pro
126 415 148 504 en-

163 2427 192 2701 enpernez.
161 1303 190 1521 per-nez-

204 1055 225 1093 si
205 995 225 1031 d
204 755 226 974 scribatur
213 642 231 725 pos
215 565 228 588 e
212 488 228 534 et
215 417 229 462 m

229 894 255 1196 subsequitur,
231 810 251 845 d
236 692 256 772 pot
236 618 252 662 st
234 415 254 576 mutari

303 2537 338 2610 (Η
303 2426 337 2515 34)
304 2301 328 2373 Et
312 2231 329 2264 a
303 2139 328 2193 la
304 1941 329 2110 foithe
303 1613 330 1902 escriverez
301 1302 336 1416 (CO
303 1188 337 1278 21)
304 1102 329 1152 It
307 1017 329 1122 tem
305 541 338 980 quandocumque
305 416 331 517 hee

348 2672 365 2701 s
348 2556 373 2654 pur
340 2415 365 2538 bele
339 2109 372 2393 escripture
347 1938 365 2085 come
347 1727 364 1922 mesme
346 1610 372 1710 pur
339 1333 364 1510 littera
347 1272 364 1299 s
339 1071 365 1232 scribi
343 985 364 1069 tur
348 870 373 969 pos
344 845 365 893 st
340 576 370 830 voca-lem,
341 490 366 538 51
350 416 366 467 m

384 2519 407 2698 meme,
375 2218 401 2482 treschier
382 2086 408 2185 pur
375 1812 400 2064 tre-chier.
375 1238 400 1509 immediat
377 1206 399 1260 te
375 1042 400 1170 subs
376 815 408 1066 sequitur,
384 747 401 777 s
384 599 401 707 non
377 415 402 576 debet

492 1348 519 1430 (00
499 1284 524 1332 93
493 1257 523 1307 3)
497 1119 513 1210 tem
492 727 523 1092 quandocumque
500 645 514 691 m
493 467 519 617 sequit
500 414 514 465 ur

525 1483 539 1508 e
519 1372 539 1445 vel
519 1307 539 1330 i
492 1213 538 1270 ἰιτιΙ
517 996 564 1186 ἀένοτείε
518 795 539 970 sillabis
523 722 540 768 et
518 651 539 694 in
526 531 539 619 una
518 416 540 504 ‹ii-c

543 1364 595 1521 Jione,
551 1313 564 1336 s
543 1051 564 1282 deheim
543 895 569 1048 erponi
548 826 565 874 ut
545 604 566 843 τάμνει-κισ
545 414 570 603 Ηβενκεσ

576 1308 590 1482 ezsmes-

606 1312 653 1433 3003
606 1258 652 1330 9501
608 1144 628 1210 Ite
613 1098 627 1168 em
606 682 637 1049 quandocumque
615 606 628 637 a
611 491 628 561 est
607 414 628 458 in

639 1437 653 1507 me
632 1258 653 1308 iu
633 1168 653 1256 aba
631 1106 652 1149 di
638 1052 653 1118 aec
632 936 653 1050 nonis
637 868 653 915 et
639 805 653 851 m
632 533 653 786 immediate
633 413 654 515 sub-

658 968 679 1033 itu
657 809 684 965 erponi
662 726 678 775 ut
659 435 680 702 mandasme

729 2517 771 2615 (ΙΙ
738 2415 769 2494 95
727 2263 762 2369 00
730 2130 781 2239 97)
732 1908 761 2067 Item
733 1671 771 1868 prima
742 1365 772 1633 persona
733 1141 762 1324 futuri
733 804 770 1098 temporis
733 409 762 759 terminabit

774 2631 803 2696 in
784 2511 811 2590 ay
777 2403 802 2468 et
774 2210 803 2361 terci
783 2169 804 2232 ia
783 1859 813 2129 persona
775 1754 803 1818 in
784 1654 805 1711 a.

826 2511 867 2608 (Η
827 2378 875 2486 39)
826 2171 858 2349 Item
827 1859 867 2140 quando
826 1743 858 1834 ali
837 1601 868 1764 1qua
825 1277 866 1413 (CO
826 1143 866 1248 22)
827 920 858 1099 Item
826 411 874 877 quandocum—

868 2466 900 2689 diec10
867 2302 900 2437 inci
868 2229 909 2301 pi
878 2104 900 2226 ens
878 1946 909 2075 per
869 1602 901 1920 vocalem
879 1360 910 1498 que
868 1202 899 1271 di
869 1050 900 1224 iccio
869 832 900 965 incl
878 759 909 831 pl
877 632 899 754 ens
877 408 908 538 per

910 2381 951 2690 sequitur
909 2198 941 2293 ali
919 1987 950 2221 lquam
920 1862 941 1921 51
910 1600 942 1884 illabam
910 1181 942 1500 vocalem
920 910 951 1106 sequi
910 796 941 933 itur
909 408 941 726 sillabam

952 2204 984 2689 terrninantem
951 2112 982 2184 in
952 1839 993 2086 vocali,
962 1599 984 1807 voca-
952 1015 984 1500 terminantem
952 917 983 987 in
951 638 988 885 vocali,
960 408 983 613 voca-

994 2640 1025 2689 li
1003 2603 1024 2637 5
993 2178 1025 2546 anterioris
1003 2055 1025 2112 51
977 1839 1025 2078 lilabe'
994 1598 1027 1810 debet
994 1450 1025 1499 li
1004 1413 1026 1473 15
991 987 1026 1348 anterioris
1002 764 1024 823 51
992 578 1024 787 illabe
992 406 1024 523 (16-

1034 2271 1076 2688 pretermitti
1039 2094 1066 2165 et
1045 1599 1068 1989 consonans
1037 1373 1067 1496 bet
1035 1016 1084 1351 pretermi
1034 930 1067 1039 litt
1040 834 1066 904 et
1044 411 1067 804 consonans

1077 2498 1118 2687 quod
1076 2028 1118 2427 adjungitur
1076 1763 1109 1976 debet
1078 1599 1109 1721 ad-
1078 1304 1119 1494 quod
1087 1193 1109 1251 51
1077 1118 1109 1216 ibi
1076 666 1118 1066 adjungitur
1076 409 1108 621 debet

1097 250 1113 299 Ὦ
