2717 4367
199 2274 224 2378 No-
199 2087 223 2231 XIII
212 2024 215 2081 ⁷——
198 1856 224 2015 XVI.

269 3639 310 3851 mina]
268 3138 310 3560 dignitatum
273 2753 310 3062 potesta-
280 2435 310 2647 quam
270 1972 302 2325 hominum
295 1942 308 1956 ‚
270 1551 302 1833 nomina

315 3707 342 3853 tum
310 3053 351 3605 seculariumque
311 2751 342 2967 domi-
312 2427 343 2647 eciam
311 2176 344 2385 officii
318 2066 344 2136 et
312 1664 353 2023 dignitatis
317 1552 344 1624 et

352 3530 384 3854 naneium
352 3401 384 3471 in
352 3002 394 3346 principio
352 2757 384 2941 clau-
353 2310 395 2650 prin01pia
354 1799 386 2263 clausularum
364 1554 385 1751 secu-

394 3542 426 3851 sularum
394 3191 426 3452 debent
393 2896 426 3105 scribi
395 2754 425 2825 in
396 2400 427 2648 larium
395 1848 427 2356 dominanciusxi
396 1554 427 1813 debent

435 3515 477 3855 principio
436 3129 468 3460 diccionis
446 2923 468 3081 cum
436 2756 467 2869 lit-
437 2437 469 2649 scribi
447 2219 469 2375 cum
437 1911 469 2145 littera
438 1555 478 1839 capitali

482 3822 509 3851 t
488 3589 509 3818 aaaaa
488 3541 519 3589 p
478 3372 514 3540 itali,
478 3019 509 3327 maxima
478 2906 509 2978 in
478 2756 509 2864 lit-
485 2579 510 2650 et
479 2253 510 2556 maxime
476 2123 521 2219 [in
477 1840 522 2099 littera]
479 1556 511 1811 curiali-

512 3698 551 3867 fera
520 3395 571 3655 cuffiali.

574 2377 609 2565 (1171)
576 2218 600 2340 Mes
576 2048 609 2172 q’en
576 1964 601 2018 la
576 1762 601 1926 moite
576 1647 601 1715 de
576 1555 601 1609 la

619 2456 637 2651 resoun
619 2265 636 2400 vouz
612 2096 637 2205 frez
620 1940 637 2032 vos
620 1901 622 1908 <
615 1687 645 1878 poyntz
612 1559 636 1626 de

646 2208 681 2651 counstxsuccion]
651 2006 679 2167 quant
656 1839 672 1971 vous
648 1652 672 1817 devez
651 1554 672 1631 at-

683 2467 708 2653 tendre
691 2306 708 2428 sanz
683 2145 708 2272 faire
683 1961 709 2113 lettre
684 1688 717 1925 capitale.

280 1250 311 1458 quam
270 838 308 1208 hominum,
270 508 302 792 nomina

312 365 353 724 dignitatis

400 1386 427 1457 et
396 1003 437 1346 principia
395 510 427 974 clausulam-um
396 367 427 485 de-

438 1291 511 1461 ltoaeltiit
437 1047 469 1255 scribi
447 860 469 1014 cum
437 593 469 827 littera
437 363 478 551 capi-

574 1303 609 1368 (G
576 1156 609 1276 101)
576 982 601 1092 Sed.
576 876 601 932 in
576 650 601 826 medio
577 368 601 592 racionis

611 1219 646 1461 faciet[is]
612 984 645 1168 duo(s)
616 747 644 941 puilcta
612 590 637 703 sine
613 367 645 547 incep—

648 1308 673 1463 cione
656 1153 673 1270 cum
648 904 680 1116 capitali
647 694 672 870 littera
651 555 673 655 etc.

729 1331 755 1412 (co
729 1248 755 1316 35)
730 1119 750 1231 Item
729 701 756 1107 (quandocumque)
729 546 751 689 diccio
729 365 755 533 scripta

755 1382 780 1470 ‘per
755 1163 775 1362 litteram
755 892 781 1137 capitalem
755 733 775 865 aliam
754 520 775 706 habebit
754 367 780 500 signi-

780 1203 801 1463 fica-cionem
787 1044 806 1175 quam
780 847 801 1005 eadem
780 661 801 805 diccio
780 473 806 643 scripta
787 366 806 447 per

812 1282 830 1464 parvam
805 1039 826 1236 litteram
805 866 826 992 verbi
805 670 837 823 gracia
813 563 826 625 un
807 366 826 522 σακκία

830 1226 863 1464 counte(e),
832 1119 852 1198 del
831 951 852 1102 Coun&
832 872 851 927 de
831 761 852 845 ἐκεῖ
831 528 855 741 Conante[e
831 457 855 512 ⁴³]-
837 365 851 428 un

857 1370 882 1463 Ray
858 1206 877 1347 asse-et
863 1119 877 1181 un
863 1010 882 1094 roy
860 893 878 985 etc·

908 3687 948 3767 (Π
910 3578 939 3661 8ο
905 3426 941 3533 CO
908 3296 949 3402 37)
910 3058 939 3213 Item
918 2879 947 2992 pro
909 2656 938 2823 nulla
909 2403 938 2602 littera
918 2250 947 2364 per
918 2128 937 2194 se
913 1813 946 2073 excepto
917 1713 937 1769 m
908 1480 937 1669 debet
908 1231 937 1438 titulus
909 1008 937 1185 scribi
908 849 937 965 nisi
908 749 936 813 in
907 524 937 700 certis
908 364 937 475 ad.-

952 3620 991 3860 jectivis
953 3510 981 3574 in
953 3248 991 3470 quibus
952 3004 990 3208 plures
951 2757 980 2957 littere
955 2455 989 2715 possunt
951 2166 988 2416 intelligi
955 2056 979 2120 et
950 1819 980 2013 eciam
959 1666 988 1778 pro
951 1176 979 1624 consuetudine
954 1063 979 1132 ut
951 849 979 1026 datur
954 689 979 804 etc-

1003 3691 1044 3772 (Η
1005 3622 1035 3661 8
1014 3577 1034 3599 1
1002 3417 1037 3525 CO
1004 3285 1044 3393 38)
1006 3052 1035 3209 Item
1006 2467 1043 2986 quandocumque
1006 2344 1034 2407 in
1006 2079 1043 2281 aliqua
1005 1758 1034 2036 diccione
1004 1505 1033 1714 titulus
1005 1257 1042 1461 plures
1005 965 1033 1196 litteras
1004 576 1033 892 contineat
1005 365 1033 524 bene

1051 3644 1086 3853 potest
1048 3401 1083 3602 scribi,
1047 3021 1077 3347 scribendo
1047 2735 1076 2976 titulum
1056 2513 1085 2694 super
1048 2204 1077 2468 litteram
1056 2020 1076 2162 cum
1055 1854 1085 1978 qua
1046 1612 1076 1808 diccio
1047 1342 1084 1568 poterit
1047 1086 1076 1303 melius

1090 3544 1119 3720 aliter
1086 3268 1128 3499 [factus
1087 3192 1129 3255 Ρ]
1098 2961 1128 3144 quam
1090 2562 1119 2895 communis
1090 2272 1118 2496 modus
1089 2017 1127 2204 exigit
1089 1519 1118 1953 modernorum
1089 1096 1118 1468 intellectum
1089 807 1117 1054 lectoris
1088 597 1117 761 nullo
1088 364 1117 555 modo

1089 3764 1118 3854 lus

1131 3541 1162 3853 obscurat-

1188 3899 1218 4042 XV
1182 3663 1221 3753 (Τ
1182 3532 1221 3639 2ο)
1183 3312 1215 3491 Item
1184 2842 1225 3268 quandoque
1194 2739 1215 2789 n
1184 2473 1224 2554 (H
1183 2344 1227 2453 82)
1187 2124 1216 2282 Item
1186 1555 1225 2072 quandocumque

1222 3706 1261 3829 (m)
1223 3624 1252 3694 in
1223 3377 1261 3613 aliqua
1225 3054 1255 3367 diceione
1225 2734 1263 3043 sequitur
1228 2522 1255 2637 hee
1228 2301 1256 2501 littera
1238 2232 1256 2271 n
1229 1933 1256 2210 scribitur
1233 1773 1264 1916 post
1238 1699 1264 1764 g,
1237 1552 1257 1680 non

1046 649 1079 1044 determinari
1055 527 1075 607 ne
1046 363 1075 503 titu-

1185 1497 1259 1505 ¹
1182 1227 1227 1365 (CO
1183 1095 1225 1201 39)
1185 903 1215 1062 Item
1186 366 1223 880 quandocumque

1228 1337 1257 1453 hec
1229 1106 1257 1308 littera
1238 1046 1256 1086 n
1228 746 1256 1023 scribitur
1227 366 1255 719 immediate

270 198 285 233 KQ

288 186 304 234 0*k
