2717 4367
111 3700 141 3880 hanc
113 3179 141 3676 consonantem
118 3097 151 3173 g
117 2931 140 3068 non
107 2789 139 2906 de-
108 2491 140 2680 debet
105 2152 148 2448 prescribi
115 1954 140 2130 come
102 1589 148 1921 segntfi'ant.
107 1345 150 1489 post
114 1261 148 1310 g
98 946 148 1220 quamvis
102 704 139 883 sonet
101 516 138 662 ante
111 400 149 470 g,

152 3754 182 3878 bet
151 3307 195 3707 precedere,
151 3060 182 3259 verbi
150 2788 191 3030 gracia
186 1553 191 1560 ,
162 1360 182 1488 non
152 1130 181 1319 debet
152 732 182 1086 immediate
152 397 190 690 prescribi

191 3513 234 3876 busozgnes
197 3399 224 3470 et
192 3085 225 3348 similia.
199 1418 223 1487 ut
193 1071 231 1393 seg-noiant.

232 2496 275 2594 (Η
234 2368 273 2474 83)
235 2236 265 2343 Set
236 2164 265 2215 si
246 2014 266 2143 non
237 1589 275 2000 postponitur,
232 1279 273 1404 (CO
235 1142 273 1253 40)
236 943 265 1099 Item
236 849 265 901 si
245 781 264 821 n
240 567 266 751 sonat
240 397 266 546 ante

281 2535 307 2682 tunc
282 2085 316 2481 preponatur-
287 1444 315 1495 g
282 1341 307 1406 et
287 1171 307 1298 non
278 834 316 1128 subsequi
282 734 307 855 itur
279 536 307 699 bene
287 398 316 517 po—

323 1364 348 1489 test
320 969 349 1323 immediate
324 777 349 923 ante
329 689 358 741 g
320 452 351 647 scribi-

357 2499 399 2595 (Η
359 2366 399 2473 84)
362 2148 392 2304 Item
371 1946 390 2104 meus
365 1769 391 1901 tuus
371 1587 390 1726 suus
357 1265 399 1403 (Co
359 1131 399 1240 41)
361 933 390 1088 Item
371 736 390 890 meus
364 561 391 695 tuus
371 392 391 541 suus

403 2429 441 2681 quando
403 1967 442 2384 adjunguntur
404 1676 433 1927 masculi
412 1592 433 1695 ino
404 1235 441 1489 quando
403 746 441 1162 adjunguntur
404 397 433 685 1113301111-

445 2448 482 2683 generi,
445 2167 474 2401 debent
446 1927 483 2125 scriby
455 1741 484 1885 mon,
449 1593 481 1710 ton,
453 1408 473 1491 no
453 1115 483 1365 genere,
445 835 475 1070 debent
445 609 474 787 scribi
455 398 479 589 moun,

495 2568 521 2686 son,
489 1351 515 1490 loun
496 1164 515 1311 soun
495 940 516 1118 come
496 729 516 896 moun
496 642 516 702 se
488 396 525 640 tgnour,

530 1350 556 1490 loun
538 1256 560 1334 ,se
529 1021 566 1254 :fg-nour,
538 834 558 977 soun
538 734 557 793 se
538 492 567 731 tgnour-

567 2504 607 2599 (Η
569 2369 608 2478 85)
571 2070 609 2321 quando
571 1725 600 2015 feminino
580 1590 599 1683 ma
565 1281 607 1430 (CO
569 1133 607 1253 42)
570 911 599 1068 Item
571 583 608 832 quando
571 394 600 509 ad-

614 2624 640 2686 ta
621 2495 642 2584 sa-
612 1154 650 1495 junguntur
612 842 642 1132 feminino
621 571 650 820 genere,
616 392 642 541 tunc

654 1254 683 1488 debent
654 1033 683 1210 scribi
663 874 683 969 ma
657 759 686 821 ta
664 636 683 705 sa
663 395 684 574 come

705 1394 725 1489 ma
696 1189 729 1368 dame,
699 1087 724 1149 ta
697 876 731 1056 dame,
706 766 725 835 sa
697 559 727 741 dame-

733 2504 775 2603 (Η
735 2374 775 2483 87)
738 2177 767 2334 Item
747 2001 767 2160 meus
741 1836 767 1972 tuus
748 1676 767 1816 suus
739 1588 768 1653 in
734 1268 774 1403 (CO
734 1134 776 1243 43)
738 897 767 1055 Item
738 575 776 826 quando
739 395 767 510 ad-

784 2468 809 2688 neutro
788 2168 818 2423 genere,
781 1844 817 2099 quando
788 1589 810 1768 suum
780 1155 818 1495 junguntur
780 896 817 1100 neutri
780 643 818 855 generi
778 397 818 599 (tunc)

817 2241 850 2687 substantivum
830 2021 859 2187 magi
823 1990 851 2036 ‘s
823 1586 852 1930 concordat
821 1435 850 1488 si
825 1077 850 1362 neutrum
830 799 859 996 genus
822 396 851 739 concordat

871 2552 892 2688 cum
867 2262 905 2488 agente
872 1995 901 2181 quam
872 1784 893 1924 cum
873 1589 902 1706 pa—
872 1350 892 1486 cum
867 1081 892 1291 actore
864 820 901 1017 mag-is
872 583 901 769 quam
872 397 893 540 cum

905 2468 939 2688 ciente,
909 2290 934 2438 tunc
905 1951 934 2249 scribetur
914 1788 940 1913 son,
928 1747 935 1768 -
914 1347 944 1488 Ρειοι
905 606 943 1362 ’entevelcumprincipali
906 402 943 597 mag-is

958 1805 965 1824 ·
955 1300 984 1487 quam
955 1113 975 1253 cum
955 711 985 1072 accessore‚-
951 539 976 684 tunc
948 402 976 514 de·—

989 1334 1018 1487 bent
988 1110 1017 1292 scribi
998 914 1018 1080 moun
991 726 1018 865 loun
998 551 1018 699 soun
998 406 1018 506 co-

1039 1387 1059 1487 me
1040 1203 1059 1375 nzoun
1030 1027 1070 1192 chief}
1031 871 1068 1015 quia
1030 778 1069 863 ibi
1031 525 1069 762 [caput]
1039 409 1060 510 vo-

1077 1310 1101 1483 catur
1071 1097 1111 1294 [pars]
1073 798 1111 1068 corporis
1073 412 1111 779 principalis-
1078 245 1111 303 3

1018 2033 1032 2070 -0
