2717 4367
441 2327 490 2432 No,
440 1956 492 2290 VII—VIII.

588 2553 648 2709 mele,
589 2432 638 2510 cil
594 2350 638 2402 et
589 2157 646 2303 celle,
589 2060 636 2107 il
590 1971 635 2025 et
586 1818 642 1937 elle,
583 1616 639 1761 l’une

663 2681 711 2708 l
659 2362 710 2657 enterlesse
673 2257 708 2323 en
655 2017 720 2221 lisant).

580 1315 644 1423 {Ui}
584 1203 644 1291 Π)
584 1015 632 1143 Item
586 933 633 959 l
588 833 633 885 et
598 754 632 787 r
582 420 648 709 aliquando

657 1106 718 1511 geminabuntur
655 1023 704 1080 in
655 742 720 1000 scriptura
660 651 703 704 et
669 520 704 629 non
655 419 703 475 in

740 1377 775 1512 sono
731 1298 774 1358 ut
727 1143 774 1276 celle
727 1012 786 1129 elle,
734 833 776 980 terre
723 605 789 815 (londe)
741 419 789 587 guer-

824 1598 858 1644 0
802 1562 880 1567 Ι
813 1451 847 1513 re
796 1224 859 1431 (werre)
796 1002 848 1202 debent
796 779 847 953 sonari
803 613 860 741 tere,
811 419 859 576 gere,

942 2642 992 2711 N
941 2305 991 2597 escriverez
955 2085 990 2233 come
943 1918 990 2019 bon
942 1720 989 1873 home
947 1615 989 1666 et

1015 2606 1062 2707 bon
1028 2448 1076 2561 gre
1019 2359 1061 2413 et
1012 2052 1075 2311 illeosqes
1026 1866 1061 2004 serra
1028 1785 1060 1822 n
1027 1617 1061 1749 sone

1098 2615 1149 2710 par
1098 2478 1134 2578 son
1099 2313 1135 2448 soun
1083 2099 1132 2293 devant
1082 1856 1141 2065 vovele,
1089 1781 1132 1834 et
1082 1618 1133 1765 Erres

1156 2578 1203 2709 bons
1156 2321 1205 2541 homme.
1155 2230 1202 2281 P
1168 2044 1203 2195 come
1161 1876 1218 2006 oept.
1155 1616 1204 1828 Scome

1241 2537 1275 2711 ascun
1232 2462 1275 2515 et
1225 2292 1274 2443 lirres
1240 2111 1275 2272 acun.
1224 2014 1272 2067 T
1225 1809 1274 2001 devant
1240 1617 1274 1800 conso-

1300 2580 1346 2710 nant
1296 2251 1349 2539 escriverez
1301 2153 1344 2207 et
1295 1965 1345 2119 lirres
1297 1867 1345 1919 d.
1297 1614 1346 1827 Devant

1368 2520 1417 2712 vovele
1368 2383 1418 2466 dit
1373 2254 1418 2336 est
1366 2152 1417 2195 il
1382 2040 1416 2108 en
1367 1854 1417 1995 droit
1368 1738 1418 1807 de
1369 1620 1427 1685 F,

1438 2600 1490 2707 elle
1455 2444 1489 2561 sera
1439 2204 1501 2407 change
1452 2086 1488 2154 en
1454 2016 1487 2052 v
1454 1916 1489 1981 en
1437 1829 1489 1886 ‘le
1439 1618 1489 1794 madle

1516 2659 1561 2712 et
1526 2557 1560 2623 en
1510 2466 1559 2521 la
1510 2218 1569 2430 semele,
1524 2113 1559 2180 en
1508 2024 1559 2077 le
1510 1818 1562 1995 madle
1510 1620 1563 1795 *lirrez

1597 2644 1631 2710 en
1581 2464 1631 2620 droit.
1582 2340 1630 2427 De
1581 2231 1640 2296 G,
1580 2039 1630 2194 lirres
1588 1843 1631 2000 avant
1582 1620 1632 1809 vovele

1667 2561 1702 2710 come
1668 2349 1716 2525 rougs
1653 2144 1701 2313 home.

1744 2547 1815 2622 (Η
1746 2437 1813 2525 98)
1748 2327 1797 2399 Et
1746 2108 1796 2296 sachez
1763 2020 1812 2088 qe
1748 1712 1799 1999 Fraunceis
1763 1618 1799 1688 ne

1835 2566 1869 2710 serra
1834 2436 1885 2532 pas
1818 2202 1883 2396 escript
1818 2137 1867 2182 si
1826 1792 1869 2117 courtement
1836 1620 1871 1769 come

1891 2525 1955 2713 Latyn‚
1905 2378 1953 2470 qar
1890 2040 1939 2325 Fraunceis
1891 1744 1941 2007 demande
1908 1618 1957 1708 pa-

1960 2533 2009 2712 toules
1961 2279 2010 2495 entierS.

2054 2546 2121 2623 (11
2056 2434 2120 2525 63)
2057 2324 2105 2395 Et
2071 2226 2105 2292 en
2055 1949 2120 2199 plusours
2017 1784 2107 1929 lieiix
2074 1617 2108 1760 acor-

2128 2558 2177 2710 deres
2142 2402 2176 2502 ove
2126 2291 2176 2346 le
2128 2067 2193 2240 Latyn
2142 1874 2177 2022 come
2137 1620 2196 1820 septem

2206 2580 2263 2712 sept,
2198 2266 2265 2555 ‚prebenda
2200 1909 2265 2222 prebendre
2206 1810 2251 1864 et
2216 1620 2252 1762 serra

2287 2584 2323 2710 sone
2273 2224 2340 2552 provendre.

881 1562 966 1567 Ι
870 1418 926 1513 ele,
870 1270 917 1383 cele
873 1138 918 1237 etc.

1743 1308 1812 1425 (00
1749 1204 1812 1294 84)
1750 1017 1799 1148 Item
1748 723 1815 960 quamvis
1748 422 1799 670 Latinum

1827 1371 1871 1516 curto
1821 1171 1870 1333 modo
1819 944 1885 1134 poterit
1819 740 1884 918 scribi,
1825 606 1868 717 tum
1819 416 1869 583 Galli-

1907 1399 1942 1516 cum
1892 1231 1958 1362 petit
1891 927 1982 1195 dice-iones
1890 647 1953 892 integras,

2054 1312 2123 1428 (00
2057 1198 2123 1286 85)
2058 1008 2107 1146 Item
2073 855 2123 954 pro
2058 608 2108 799 maiori
2063 418 2124 572 parte

2129 1277 2201 1516 sci-ibetis
2129 1185 2178 1242 in
2128 900 2180 1163 Gallicum
2129 589 2178 877 secundum
2129 420 2193 567 quod

2200 1272 2262 1515 sc1ibitur
2201 1163 2251 1220 in
2200 888 2250 1090 Latinis
2207 780 2249 837 ut
2208 421 2265 725 compotum

2280 1299 2351 1515 compte,
2281 1055 2352 1258 septem
2281 884 2351 1019 sept,
2272 578 2351 848 prebenda
2282 417 2351 551 pre·

2360 1298 2427 1514 bendre,
2376 1125 2434 1261 opus
2368 961 2433 1085 oeps
2366 827 2418 924 etc.

2462 1312 2531 1423 (CO
2464 1198 2535 1291 86)
2456 1019 2520 1155 ¹Item
2468 739 2519 964 habetur
2464 419 2516 701 diversitas

2538 1376 2585 1515 inter
2542 995 2597 1322 appr-entire,
2541 678 2598 927 prendre
2545 570 2583 619 et
2549 421 2579 505 re-

583 248 608 297 Η.

620 246 650 298 ΟΝ
