2717 4367
377 3971 440 4226 XVIII
379 3721 471 3835 (Τ
378 3572 526 3688 18)t
377 3220 528 3534 Qtuandq·
381 2966 446 3188 diccio
383 2458 448 2925 monosillaba
381 2178 464 2416 incipit
402 2010 465 2139 per
403 1905 473 1968 sa
385 1686 447 1868 solet
382 1295 447 1653 rotundari
382 945 465 1252 exempli
379 632 465 903 gracia:
397 414 441 568 sum

484 3834 527 3895 sz
483 3713 527 3782 se
483 3606 526 3675 se
485 3492 528 3530 e
485 3263 527 3416 S1m1
485 3150 531 3237 1a.

569 3964 632 4154 XIX
571 3725 653 3810 (Τ
574 3591 655 3691 19)
572 3067 653 3542 Diffierentia]
584 2910 638 3020 est
574 2794 638 2865 in
524 2464 639 2751 Gallicis
574 2196 638 2417 mund
577 1960 638 2161 munt
585 1847 638 1917 et
576 1538 642 1802 similia.

678 3966 740 4120 XX
680 3724 759 3809 (Τ
684 3588 764 3696 21)
683 3345 746 3522 Item
686 2872 765 3293 quandoque
703 2757 746 2825 m
683 2629 746 2701 in
683 2342 766 2576 aliqua
682 1987 748 2298 diccione
684 1620 766 1938 precedit
686 1396 750 1576 hanc
695 853 761 1352 consonantem
685 764 757 810 t,
683 644 758 711 [1.
683 486 760 610 n?]
687 409 765 468 p

767 3681 828 3893 debet
767 3296 848 3640 interponi
767 3059 831 3257 verbi
767 2774 850 3019 gracia
766 2347 851 2735 dampnum.

871 3968 937 4156 XXI
871 3718 951 3805 (Τ
877 3585 953 3686 22)
875 3142 950 3544 Notandum
876 2919 958 3107 quod
876 2567 958 2876 spacium
876 2344 940 2524 inter
876 1949 952 2300 diceiones
857 1524 941 1922 ‘continebit
877 1048 941 1485 latitudinem
876 805 940 1008 huius
865 526 938 754 littere
894 413 937 484 n.

979 3960 1041 4182 XXII
978 3720 1061 3807 (Τ
983 3588 1062 3693 23)
982 3346 1046 3523 Item
984 3213 1047 3282 in
983 3014 1049 3153 fine
985 2752 1059 2953 linee‚
985 2626 1049 2685 si
1005 2269 1050 2562 necesse
985 2002 1059 2228 fuerit,
994 1702 1067 1939 potest
985 1432 1051 1652 diccio
985 880 1068 1384 dissil[l]abari,
985 704 1047 833 sed
982 410 1047 659 sillaba

1064 3710 1128 3896 nullo
1067 3459 1129 3669 modo
1078 3022 1149 3411 separatur.
1114 2546 1139 2589 ..
1077 1823 1090 1833 '

1171 3961 1234 4220 XXIII
1171 3725 1255 3811 (Τ
1175 3593 1254 3697 24)
1173 3368 1238 3547 Item
1176 3087 1258 3302 longe
1176 2786 1240 3019 littere
1198 2643 1241 2721 se
1176 2192 1240 2578 extendunt
1196 1908 1258 2131 usque
1178 1755 1240 1849 ad
1178 1389 1242 1694 medium
1177 1012 1261 1325 spacium
1177 527 1242 970 interlineare
1185 410 1239 484 et

1259 3608 1320 3840 uando
1258 3338 1322 3560 diccio
1269 2966 1324 3293 oneratur
1260 2674 1325 2925 litteris
1260 2382 1343 2635 longiS,
1260 1988 1326 2331 scribatur
1263 1664 1343 1929 absque
1262 1373 1326 1612 titellis
1261 1128 1325 1326 verbi
1262 835 1344 1078 gracia
1260 409 1325 772 absconde?

1339 3559 1423 3825 alfrid⁹
1351 3440 1406 3510 et
1343 3298 1408 3395 sic
1345 3165 1408 3253 de
1344 2766 1411 3122 similibus,
1356 2363 1365 2377 ⁹
1361 2127 1367 2131 '
1392 1605 1417 1633 ⁴0

1448 3960 1510 4219 XXIV
1448 3720 1531 3806 (Τ
1451 3589 1531 3694 25)
1450 3372 1515 3548 Item
1454 3234 1515 3327 ad
1454 3056 1516 3193 hoc
1454 2819 1537 3013 quod
1454 2539 1517 2776 littera
1462 2234 1535 2493 equata
1451 1851 1517 2194 linealiter
1419 1465 1529 1825 scribatur,
1453 1208 1517 1420 debet
1453 936 1535 1182 plicari
1454 795 1518 907 vel
1455 487 1533 757 [lineari
1458 414 1533 474 Ρ]

1552 3390 1615 3891 pergamenum
1556 3214 1618 3346 pro
1537 2826 1621 3167 superiori
1546 2713 1600 2783 et
1585 2673 1599 2687 .
1588 2632 1602 2647 .
1587 2588 1601 2603 .
1536 2246 1619 2545 primam
1536 1951 1599 2206 lineam
1557 1782 1601 1907 seu
1537 1551 1600 1740 illam
1534 1258 1619 1513 plicam
1556 1031 1619 1209 eque
1537 681 1620 985 dirigeri.

1637 3966 1701 4190 XXV
1639 3717 1721 3803 (Τ
1643 3585 1722 3690 26)
1642 3347 1706 3524 Item
1644 2913 1708 3279 scribendo
1643 2552 1708 2850 litteram
1644 1986 1725 2483 posteriorem,
1645 1592 1716 1909 sillabam
1646 1399 1710 1516 vel
1645 923 1722 1335 diceionem,
1646 412 1711 858 considerare

1725 3644 1807 3891 [debes
1726 3565 1808 3625 Ρ]
1726 3213 1791 3518 litteram
1728 2746 1792 3166 anteriorem
1740 2630 1792 2700 et
1733 2000 1822 2590 propinquiorem.

1831 3964 1894 4226 XXVI
1840 3791 1911 3806 εξ
1831 3717 1898 3775 Τ
1836 3581 1914 3688 27)
1833 3359 1897 3537 Item
1835 3248 1897 3319 in
1835 2886 1899 3205 omnibus
1836 2412 1901 2841 diceionibus
1835 2099 1919 2368 Latine,
1836 1984 1898 2056 in
1837 1692 1917 1941 quibus
1838 1512 1902 1643 hec
1837 1239 1902 1472 littera
1837 1165 1901 1196 l
1839 824 1921 1126 ponitur,
1838 704 1902 773 in
1839 412 1903 659 eadem

1918 3577 2066 3897 dicgolrlne
1915 3268 1983 3533 Gallice
1920 2982 1983 3193 debet
1920 2734 2002 2922 poni,
1920 2467 1984 2667 verbi
1921 2178 2004 2421 gracia
1919 1836 1984 2127 multum
1920 1723 1985 1794 in
1920 1431 1985 1683 Latino
1932 1095 1994 1387 vocatur
1921 888 1986 1054 molt
1923 737 1987 850 vel
1922 514 1986 693 mult
1926 413 2007 494 (Ρ)

2021 3832 2062 3901 m
2022 3676 2065 3717 a
2022 3495 2067 3625 ico,
2036 1713 2047 1725 ”

2182 1817 2200 1948 tou-
2171 1500 2192 1523 ⁰

2205 1517 2231 1552 Ὀ

2171 246 2237 299 29
