2717 4367
1854 3751 1901 3825 VI

2232 3749 2280 3856 VII

383 1830 433 2131 Varianten.

518 3612 589 3682 (0
523 3500 587 3584 17)
538 3228 574 3416 cum‘s
527 3101 573 3191 vel
540 2949 572 3070 cum
541 2866 576 2912 z.

608 3607 676 3682 (ll
612 3498 673 3583 29)
615 2993 676 3425 pronuncientur
640 2890 649 2956 —
620 2796 663 2851 et
630 2670 663 2764 vor
621 2400 678 2642 possunt
641 2302 651 2368 ——
630 2238 664 2262 s
622 2144 664 2196 et
612 2070 681 2107 t]
623 1974 665 2030 st
643 1882 652 1947 -
613 1715 682 1841 cest]
616 1546 683 1690 fest.
645 1440 653 1503 —
659 1344 663 1350 .

679 3490 747 3677 (1191)
676 3019 749 3423 p'rmmmiffl‘flr
711 2911 720 2983 —
691 2849 732 2871 l
683 2677 735 2813 fehlt
713 2576 721 2639 —
685 2391 734 2529 nach
689 1984 749 2348 aspiracionis
686 1804 736 1947 steht
690 1467 737 1765 communis
715 1363 724 1429 --
684 1189 754 1322 cest]
687 1024 754 1165 fest.
714 917 725 983 -

748 3568 819 3679 (00
752 3456 820 3542 18)
757 2983 821 3419 ffzsczmiccmnque
782 2876 791 2936 —
761 2776 804 2833 in
756 2603 805 2737 fehlt
782 2500 792 2565 —
752 2379 824 2463 (0)
759 1997 821 2341 aspiracione
786 1892 794 1955 —
752 1715 823 1849 (CO)
757 1548 824 1678 cest]
759 1388 825 1519 fest
785 1291 795 1355 —
754 1161 824 1247 (0)
758 941 824 1131 pleist.
786 833 795 899 --

821 3600 890 3672 (11
824 3486 891 3579 35)
840 3280 873 3417 soun
825 3159 891 3239 de]
827 2940 874 3121 sound
827 2816 875 2911 mit
826 2410 890 2777 nachtrfiglich
828 1917 890 2374 angeschobenem
844 1832 878 1877 e.
856 1719 865 1786 —-

890 3603 961 3680 (0
897 3491 959 3580 73)
903 3125 960 3416 temporum
922 3022 932 3087 —
900 2719 947 2981 scribetur
925 2615 935 2681 —
913 2463 947 2575 com
925 2356 935 2422 —
902 2081 964 2315 baptiste
926 1970 936 2042 —-
907 1812 950 1933 test.
927 1704 937 1770 —

963 3600 1032 3677 (H
964 3486 1033 3579 31)
973 3394 1016 3416 t
974 3301 1016 3356 et
982 3239 1016 3268 e
968 3183 1015 3202 i
984 3114 1016 3146 o
975 3020 1016 3076 et
966 2928 1034 2984 u]
968 2852 1016 2887 d
976 2758 1018 2813 et
983 2696 1020 2727 c
983 2630 1017 2659 e
983 2557 1033 2591 q
976 2462 1018 2518 et
985 2396 1018 2430 v
997 2289 1006 2347 —
968 2132 1036 2261 fist]
971 1920 1019 2090 issint
971 1760 1020 1889 oder
973 1549 1020 1727 issuit.
998 1437 1007 1503 -

1032 3607 1103 3673 (0
1039 3493 1105 3585 96)
1044 3359 1086 3415 et
1040 3266 1086 3323 in
1038 3092 1087 3226 fehlt
1065 2986 1074 3053 —-
1046 2654 1103 2946 temporum
1067 2551 1076 2619 -—
1040 2492 1090 2513 i
1040 2305 1092 2456 fehlt.
1068 2199 1078 2265 —
1039 1972 1106 2161 scribi]
1044 1795 1106 1938 poni
1037 1678 1108 1762 (G)
1068 1571 1078 1639 —
1037 1438 1108 1533 (0)
1043 1250 1109 1409 feist
1048 1070 1091 1215 toust
1068 972 1078 1037 —
1044 827 1091 945 lust
1047 706 1092 806 etc.
1041 520 1091 677 fehlt.
1069 426 1079 494 —

1124 3382 1157 3413 a
1115 3291 1157 3345 et
1104 3211 1174 3255 t]
1108 2927 1158 3171 dahinter
1113 2736 1160 2889 debet
1106 2470 1160 2704 s'scribi
1139 2364 1149 2427 --
1112 2077 1161 2321 amastis,
1139 1960 1148 2026 ——

1175 3384 1298 3675 (113λὸΙέι
1181 3167 1303 3358 altrff
1182 3030 1228 3143 ithe
1177 2919 1246 2996 (Η
1181 2810 1246 2897 61)
1208 2704 1219 2773 —
1197 2598 1231 2666 en
1184 2452 1231 2562 lieu
1180 2324 1251 2409 de]
1189 2176 1247 2294 pur
1179 2067 1247 2140 (Η
1180 1954 1248 2044 61)
1211 1858 1220 1915 —-
1165 1405 1233 1815 blasmer'fehlt
1179 1314 1234 1365 11
1196 1218 1248 1284 32
1210 1104 1220 1169 —
1190 1008 1233 1062 et
1199 812 1233 972 serra
1199 644 1239 776 sone
1199 425 1233 609 aucun

1265 3359 1299 3388 e
1256 3274 1298 3295 t
1263 3082 1302 3126 1.
1278 2980 1288 3045 -

1316 3497 1386 3676 (067)
1318 3243 1389 3409 come]
1338 3084 1372 3203 cum
1348 2978 1358 3043 —
1319 2736 1391 2939 aucun]
1338 2540 1376 2697 acun.
1350 2433 1360 2498 —

1388 3608 1459 3677 (0
1398 3495 1457 3586 74)
1395 3155 1443 3420 scribetur
1420 3050 1431 3121 —
1398 2956 1444 3015 in
1393 2784 1443 2920 fehlt
1421 2685 1432 2747 —
1401 2584 1443 2643 ut
1392 2281 1464 2554 espernez]
1403 1936 1461 2242 mespernez
1424 1832 1434 1896 ·-
1393 1673 1462 1806 pro]
1404 1525 1461 1645 pur
1393 1386 1463 1489 (C).
1424 1281 1434 1347 —
1411 1101 1432 1122 ⁹

1459 3609 1526 3676 (0
1461 3495 1527 3583 19)
1464 3153 1514 3419 scribitur
1492 3044 1502 3117 ——
1468 2742 1530 3009 sequitur.
1492 2635 1502 2701 —
1476 2542 1482 2549 '

1532 3603 1597 3674 (Π
1533 3490 1600 3581 34)
1538 3239 1584 3415 trescrz
1552 3101 1601 3201 pur
1538 2894 1595 3062 trech,
1536 2765 1585 2858 mit
1536 2422 1600 2730 Querstrich
1537 2218 1587 2382 durch
1538 2116 1603 2180 h;
1538 1964 1587 2078 also
1538 1785 1587 1927 kann
1536 1613 1587 1749 auch
1538 1332 1586 1576 trescher
1552 1198 1601 1296 pur
1540 943 1619 1158 treches
1538 704 1602 923 gelesen
1539 428 1591 662 werden.

1601 3562 1669 3675 (00
1606 3452 1667 3539 93)
1609 3195 1671 3414 quando
1603 3078 1671 3161 (C)
1634 2972 1644 3039 —
1610 2874 1655 2932 in
1623 2722 1656 2837 una
1606 2425 1674 2687 diccz‘one]
1624 2271 1658 2384 una
1611 2065 1658 2233 diccio
1604 1936 1675 2027 (0)
1635 1829 1645 1894 -
1626 1764 1658 1792 s
1608 1592 1658 1727 fehlt
1603 1493 1660 1557 0.
1635 1385 1645 1453 -

1672 3610 1739 3675 (G
1680 3497 1739 3591 94)
1680 3189 1741 3409 quando
1705 3086 1714 3151 —
1695 2994 1726 3046 m
1677 2800 1728 2954 fehlt.
1676 1434 1696 1455 “

1744 3599 1814 3676 (Η
1747 3487 1813 3580 95)
1746 3304 1799 3415 Vor
1751 2950 1799 3266 terminabit
1748 2848 1798 2918 ist
1752 2482 1799 2810 terminante
1750 2032 1813 2444 ausgestrichen.
1718 1146 1743 1172 ⁶

1850 3606 1908 3680 (Η
1850 3496 1917 3584 39)
1850 3201 1920 3415 aliqua]
1855 2862 1919 3163 aliquando
1854 2788 1902 2824 d
1854 2680 1905 2733 h.
1838 2489 1919 2643 aliqffi
1881 2377 1891 2442 —
1858 2280 1903 2339 in
1853 2050 1922 2245 vocali]
1859 1955 1905 2013 in
1859 1666 1907 1919 vocalem.
1884 1560 1893 1624 —
1825 749 1835 760 Ο
1849 647 1873 673 ⁹

1919 3568 1989 3675 (CO
1922 3455 1990 3544 22)
1927 3344 1973 3409 de
1924 2974 1987 3308 Engleterre
1926 2781 1993 2937 debet
1920 2659 1989 2753 (02
1926 2406 1989 2618 debent)
1928 2197 1980 2369 scribi
1928 1815 1989 2164 dengleterre
1923 1710 1991 1777 (0
1928 1434 1976 1661 dariiber
1928 1317 1993 1387 of
1928 982 1993 1291 Englond).
1930 659 1978 915 dirlande
1935 566 1978 622 et
1945 425 1979 535 non

1997 3343 2043 3408 de
1996 3077 2044 3309 Irlande
1990 2944 2060 3051 (G),
1990 2812 2055 2906 (οτ
1998 2705 2044 2770 de
1997 2439 2045 2672 Irlande
1999 2247 2046 2401 debet
2000 2043 2047 2216 scribi
2000 1749 2047 2007 dirlande
1998 1626 2065 1716 (of
1999 1328 2062 1598 Irlande).
2026 1219 2037 1291 -

2061 3570 2132 3678 (00
2064 3457 2130 3549 28)
2068 2960 2116 3415 substraccionem
2062 2837 2133 2925 (G)
2093 2718 2103 2783 —
2082 2513 2115 2678 sonus
2066 2338 2117 2477 fehlt
2062 2256 2120 2303 0
2095 2130 2104 2196 —-
2076 1982 2133 2090 per
2069 1570 2135 1947 mutacionem]
2073 1024 2133 1541 pronunciacionem
2085 820 2120 987 sonus
2065 689 2135 783 (0)
2096 580 2107 651 -
2080 423 2138 553 pof-

2137 3340 2186 3417 sit
2132 3217 2202 3307 (0)
2164 3114 2212 3177 ᾗ·
2140 2882 2186 3073 vocari
2133 2772 2202 2851 (G)
2165 2668 2173 2730 —
2134 2550 2203 2632 ut]
2140 2420 2187 2511 vel
2134 2298 2205 2387 (0)
2166 2191 2177 2259 —
2137 1982 2206 2148 deux]
2142 1760 2189 1940 deaux
2135 1632 2207 1725 (0)
2166 1524 2178 1581 -
2138 1360 2209 1481 say]
2157 1228 2209 1323 sey
2136 1109 2209 1190 (C)
2167 998 2177 1066 —

2227 3608 2290 3677 (Τ
2213 3498 2295 3582 1⁶1)
2232 3398 2281 3419 1
2232 3191 2293 3361 (Zesse
2232 3086 2299 3165 4)]
2233 3001 2282 3056 b.
2258 2914 2269 2977 -
2249 1161 2260 1170 ·

2300 3603 2372 3676 (Η
2311 3493 2371 3585 47)
2305 3083 2355 3417 sillabicatur
2332 2986 2340 3050 —
2304 2718 2372 2965 aliquod.
2324 1569 2336 1580 “
2326 842 2347 863 ⁰

2373 3606 2445 3674 (0
2376 3492 2448 3583 23)
2385 3351 2430 3415 et
2394 3286 2428 3318 o
2405 3180 2414 3245 —
2377 2910 2448 3135 aliquod
2403 2807 2414 2873 -
2382 2514 2449 2766 sequitur
2406 2411 2417 2482 —
2384 1924 2451 2370 campaigneoun.
2412 1828 2422 1892 —

2451 3612 2525 3682 (H
2454 3495 2524 3588 48)
2454 3302 2508 3420 Vor
2456 3172 2508 3263 del
2457 3021 2509 3140 bien
2454 2845 2510 2983 steht
2458 2645 2514 2806 altre.
2488 2541 2499 2603 -
2455 1901 2458 1904 ’

531 258 598 309 32
