2717 4367
262 2640 294 2708 ou
253 2359 307 2587 servant
262 2248 294 2313 en
263 1992 314 2198 qancqe
249 1852 314 1950 jeo
245 1615 313 1809 puisse

318 2554 383 2720 faire
332 2448 366 2519 ou
317 2324 380 2421 jeo
333 2184 384 2289 suy
321 2090 367 2147 la
337 1954 368 2051 sue
322 1723 369 1931 ancelle
316 1617 366 1701 vel

387 2631 436 2709 sic
390 2523 436 2573 le
395 2293 438 2477 vostre
405 2172 438 2237 en
398 2025 439 2113 tut
393 1902 440 1979 tel
399 1754 449 1869 etc„
404 1617 453 1717 pur

458 2539 524 2712 parler
458 2451 508 2503 le
458 2276 524 2416 pluis
461 1861 521 2249 curteisement,
469 1788 511 1841 et
476 1618 510 1765 uom-

537 2482 578 2712 mement
535 2294 594 2420 qant
531 2183 580 2237 le
549 1984 582 2127 noun
530 1751 599 1931 n’es[t]
547 1621 597 1714 pas

614 2555 650 2712 nome
616 2371 650 2516 come
601 2246 664 2347 jeo
618 2108 668 2212 suy
606 2021 652 2071 le
611 1802 653 1983 vostre
611 1667 653 1765 etc.

712 2545 774 2621 (Η
715 2435 779 2518 16)
716 2245 764 2382 Item
723 2049 779 2175 qant
732 1867 766 1996 vous
717 1622 766 1809 voilles

784 2578 850 2713 prier
786 2362 850 2533 nully²
802 2193 836 2319 vous
793 1938 850 2143 purretz
788 1789 837 1899 dire
804 1622 836 1755 vous

854 2552 921 2723 prist)
872 2389 906 2512 sanz
856 2264 920 2361 jeo
873 2068 922 2227 myse.

967 2550 1033 2625 (H
969 2440 1034 2525 17)
969 2260 1032 2402 Qant
969 2066 1018 2213 nulle
975 1877 1019 2022 autre
970 1622 1036 1833 supplie

1039 2584 1089 2713 dont
1056 2422 1090 2550 vous
1041 2088 1089 2378 escriverez
1044 1974 1090 2049 cil
1057 1872 1089 1943 ou
1044 1785 1103 1833 il
1058 1623 1091 1757 vous

1115 2594 1177 2724 prie
1117 2505 1160 2558 et
1110 2314 1160 2474 altres
1111 2098 1160 2275 disont
1114 1975 1161 2051 cil
1127 1871 1160 1942 ou
1115 1785 1161 1833 il
1129 1622 1167 1756 vaus

1184 2569 1247 2723 plest
1182 2244 1249 2540 etofaillont
1197 2116 1247 2208 qar
1189 1962 1248 2088 pry,
1186 1778 1248 1929 plest
1189 1622 1233 1741 sont

1254 2617 1302 2714 des
1248 2344 1303 2579 diverses
1252 1902 1316 2306 significacions.

1364 2551 1433 2626 (Η
1366 2436 1431 2523 18)
1366 2302 1415 2375 Et
1366 2063 1416 2251 sachez
1374 1883 1431 2011 qant
1346 1735 1431 1843 jeo⁹
1374 1620 1417 1700 est

1453 2601 1503 2717 mys
1438 2367 1487 2561 devant
1437 2279 1486 2333 le
1437 2009 1502 2243 verbe(s)
1444 1914 1487 1975 ut
1437 1772 1489 1881 hic:
1438 1620 1503 1719 jeo

1524 2582 1558 2717 vous
1517 2435 1572 2563 pry,
1507 2314 1568 2408 jeo
1509 2086 1572 2290 m’affim
1506 1972 1575 2049 (Η
1508 1853 1572 1938 19)
1515 1619 1558 1831 oustant

1580 2667 1629 2715 lf:
1580 2543 1641 2639 jeu
1580 2215 1629 2503 esurirem-s.
1584 2139 1629 2163 ε’
1596 2038 1629 2103 cn
1579 1892 1629 2002 lieu
1580 1788 1628 1854 de
1596 1710 1645 1755 y
1587 1620 1629 1674 et

1653 2504 1714 2721 joignez
1666 2421 1697 2449 e
1666 2339 1699 2371 a
1653 2194 1715 2287 luy
1665 1988 1699 2137 come
1666 1808 1699 1941 vous
1654 1623 1717 1770 prie,

1718 2492 1787 2716 m’affie.
1722 2330 1769 2401 Et
1737 2163 1771 2260 ceo
1727 2026 1770 2106 est
1738 1942 1771 1973 a
1722 1623 1771 1876 entendre

1806 2644 1841 2712 en
1791 2412 1840 2599 verbes
1792 2158 1857 2362 quelles
1797 1816 1856 2109 termynent
1808 1712 1842 1778 en
1809 1623 1857 1682 y,

1877 2601 1912 2714 mes
1875 2499 1911 2565 en
1863 2274 1912 2465 verbes
1878 2167 1929 2233 qe
1863 1850 1912 2130 terminent
1879 1759 1912 1825 en
1880 1622 1913 1741 con-

1939 2528 1982 2713 sonant
1932 2440 1981 2494 la
1948 2329 1982 2399 ou
1934 2206 1998 2305 jeo
1940 2090 1982 2168 est
1950 1941 1999 2053 mys
1934 1708 1994 1912 devant,
1951 1621 1984 1689 ne

2004 2603 2053 2713 frez
2020 2537 2052 2565 e
2003 2449 2053 2499 al
2005 2307 2069 2414 fyn,
2004 2118 2054 2267 verbi
2006 1913 2067 2087 gracia
2006 1742 2055 1867 bien
2012 1620 2055 1703 est

2075 2601 2126 2713 dit:
2074 2476 2139 2573 jeo
2090 2306 2123 2439 vous
2092 2111 2124 2268 manc
2083 2021 2125 2075 et
2076 1775 2128 1985 similia.

2168 2544 2236 2621 (H
2168 2436 2237 2526 20)
2173 2264 2220 2400 Item
2236 2244 2244 2250 ,
2171 2126 2221 2229 ista
2173 1775 2248 2088 pronomina
2174 1625 2231 1740 iste,

709 1317 777 1427 (00
715 1206 777 1295 63)
715 1033 765 1168 Item
717 776 780 991 quando
714 552 779 733 petitis
714 423 763 515 ali-

783 1391 850 1520 quid
785 1288 833 1355 ab
786 1069 850 1249 aliquo
787 805 852 1028 potestis
787 590 835 766 dicere
801 426 834 558 vous

857 1424 919 1530 pri
870 1271 905 1393 sanz
856 1132 920 1244 je0.

966 1321 1034 1433 (CO
970 1206 1036 1298 64)
971 1029 1020 1167 Item
970 944 1019 992 si
969 719 1035 909 aliquis
967 546 1017 678 alius
983 426 1017 508 ro-

1049 1433 1106 1521 gat
1041 1148 1108 1374 aliquem
1047 963 1090 1087 tunc
1041 712 1090 902 dicetis
1041 590 1088 668 cil
1054 427 1088 560 vous

1115 1388 1178 1530 prie.
1174 862 1197 887 .

1364 1316 1433 1431 (00
1366 1208 1432 1299 65)
1370 1055 1417 1189 Item
1368 826 1433 1034 quando
1382 695 1416 803 non
1381 431 1432 678 expresse

1440 1305 1505 1521 ponitur
1440 1027 1503 1233 signum
1446 837 1488 957 ante
1438 560 1487 782 verbum
1443 433 1487 513 ut:

1527 1388 1561 1522 vous
1518 1230 1576 1361 pry,
1516 1074 1559 1195 tunc
1517 931 1576 1045 pry
1509 815 1559 896 vel
1509 609 1575 797 m’affy
1509 428 1558 590 debet

1571 1244 1631 1522 ferminare
1582 1129 1630 1185 in
1597 1023 1647 1084 y.
1575 836 1648 950 (00
1577 720 1646 813 66)
1580 535 1628 670 Item
1579 430 1628 475 si

1653 1312 1716 1519 signum
1667 1034 1717 1274 expresse
1652 784 1717 1009 ponitur,
1658 623 1700 746 tunc
1667 562 1716 607 y
1666 431 1700 539 mu·

1724 1325 1773 1521 tabitur
1723 1226 1771 1281 iu
1726 1158 1773 1183 ι’
1729 1057 1772 1109 et
1723 800 1772 1024 addetur
1738 732 1770 762 e
1736 525 1771 697 come:
1720 427 1785 495 je

1794 1293 1861 1521 m’affie,
1793 1168 1857 1267 jeo
1810 1001 1844 1135 vous
1797 821 1857 967 prie.
1792 678 1841 749 Et
1792 543 1841 642 hec
1808 429 1842 508 re·

1865 1402 1928 1521 gula
1859 1041 1928 1366 intellithur,
1864 914 1913 1007 ubi
1864 706 1913 877 diccio
1864 428 1914 670 termina·

1943 1438 1985 1521 tur
1936 1349 1985 1404 in
1953 1261 2002 1321 y,
1936 1115 1985 1212 sed
1936 1026 1985 1072 si
1936 678 1985 981 terminatur
1936 584 1983 641 iu
1950 428 1985 551 con-

2013 1304 2057 1521 sonante
2022 1160 2057 1268 non
2012 997 2057 1138 tenet
2006 793 2069 975 regula
2012 690 2056 769 ut:
2006 589 2071 659 je
2022 428 2057 561 vous

2094 1348 2129 1523 manc.

2168 1311 2239 1430 (00
2173 1202 2241 1296 68)
2174 1024 2223 1164 Item
2173 890 2223 993 ista
2173 558 2240 866 pronomina
2175 426 2223 523 ille

2173 274 2270 325 23,
